<record><leader>00000cas a22000007a 4500</leader><controlfield tag="001">10164622</controlfield><controlfield tag="008">831128d18721880txuwr ne      0    0eng d</controlfield><datafield ind1=" " ind2=" " tag="010"><subfield code="a">sn 83021368 </subfield></datafield><datafield ind1=" " ind2=" " tag="040"><subfield code="a">NPX</subfield><subfield code="b">eng</subfield><subfield code="c">NPX</subfield><subfield code="d">PPM</subfield><subfield code="d">OCLCQ</subfield></datafield><datafield ind1=" " ind2=" " tag="042"><subfield code="a">msc</subfield></datafield><datafield ind1="0" ind2=" " tag="130"><subfield code="a">Denison news (Denison, Tex.: 1872)</subfield></datafield><datafield ind1="1" ind2="4" tag="245"><subfield code="a">The Denison news.</subfield></datafield><datafield ind1="1" ind2="3" tag="246"><subfield code="a">Denison weekly news</subfield></datafield><datafield ind1=" " ind2=" " tag="260"><subfield code="a">Denison, Tex. :</subfield><subfield code="b">B.C. Murray,</subfield><subfield code="c">1872-</subfield></datafield><datafield ind1=" " ind2=" " tag="300"><subfield code="a">v. ;</subfield><subfield code="c">55 cm.</subfield></datafield><datafield ind1=" " ind2=" " tag="310"><subfield code="a">Weekly</subfield></datafield><datafield ind1="0" ind2=" " tag="362"><subfield code="a">Vol. 1, no. 1 (Dec. 27, 1872)-</subfield></datafield><datafield ind1="1" ind2=" " tag="362"><subfield code="a">Ceased in 1880?</subfield><subfield code="z">Cf. Gregory, W. Amer. newspapers.</subfield></datafield><datafield ind1=" " ind2=" " tag="752"><subfield code="a">United States</subfield><subfield code="b">Texas</subfield><subfield code="c">Grayson</subfield><subfield code="d">Denison.</subfield></datafield><datafield ind1="1" ind2=" " tag="775"><subfield code="t">Denison daily news</subfield><subfield code="w">(DLC)sn 83021367</subfield></datafield></record>